<record><leader>00000cas a22000007a 4500</leader><controlfield tag="001">17430547</controlfield><controlfield tag="008">880204d19801985laucr ne      0    0eng d</controlfield><datafield ind1=" " ind2=" " tag="010"><subfield code="a">sn 88064039 </subfield></datafield><datafield ind1=" " ind2=" " tag="040"><subfield code="a">LNP</subfield><subfield code="b">eng</subfield><subfield code="c">LNP</subfield><subfield code="d">OCLCQ</subfield><subfield code="d">OCLCF</subfield><subfield code="d">OCLCO</subfield></datafield><datafield ind1="1" ind2=" " tag="029"><subfield code="a">AU@</subfield><subfield code="b">000020120474</subfield></datafield><datafield ind1=" " ind2=" " tag="042"><subfield code="a">msc</subfield></datafield><datafield ind1=" " ind2=" " tag="043"><subfield code="a">n-us-la</subfield></datafield><datafield ind1="0" ind2="0" tag="245"><subfield code="a">Beauregard times.</subfield></datafield><datafield ind1=" " ind2=" " tag="260"><subfield code="a">DeRidder, La. :</subfield><subfield code="b">Erbon W. Wise</subfield></datafield><datafield ind1=" " ind2=" " tag="310"><subfield code="a">Semiweekly,</subfield><subfield code="b">Feb. 15, 1981-Jan. 20, 1985</subfield></datafield><datafield ind1=" " ind2=" " tag="321"><subfield code="a">Weekly,</subfield><subfield code="b">May 14, 1980-Feb. 11, 1981</subfield></datafield><datafield ind1="0" ind2=" " tag="362"><subfield code="a">Vol. 1, no. 1 (May 14, 1980)-v. 5, no. 71 (Jan. 20, 1985).</subfield></datafield><datafield ind1=" " ind2="0" tag="651"><subfield code="a">DeRidder (La.)</subfield><subfield code="v">Newspapers.</subfield></datafield><datafield ind1=" " ind2="7" tag="655"><subfield code="a">Newspapers.</subfield><subfield code="2">fast</subfield><subfield code="0">(OCoLC)fst01423814</subfield></datafield><datafield ind1=" " ind2="7" tag="651"><subfield code="a">Louisiana</subfield><subfield code="z">DeRidder.</subfield><subfield code="2">fast</subfield><subfield code="0">(OCoLC)fst01217784</subfield></datafield><datafield ind1=" " ind2=" " tag="752"><subfield code="a">United States</subfield><subfield code="b">Louisiana</subfield><subfield code="c">Beauregard</subfield><subfield code="d">DeRidder.</subfield></datafield><datafield ind1="0" ind2="4" tag="785"><subfield code="t">Beauregard news</subfield><subfield code="w">(DLC)sn 88064038</subfield></datafield></record>